@inproceedings{Yao:2019:DMC:3290605.3300428,
 author = {Yao, Yaxing and Basdeo, Justin Reed and Kaushik, Smirity and Wang, Yang},
 title = {Defending My Castle: A Co-Design Study of Privacy Mechanisms for Smart Homes},
 booktitle = {Proceedings of the 2019 CHI Conference on Human Factors in Computing Systems},
 series = {CHI '19},
 year = {2019},
 isbn = {978-1-4503-5970-2},
 location = {Glasgow, Scotland Uk},
 pages = {198:1--198:12},
 articleno = {198},
 numpages = {12},
 url = {http://doi.acm.org/10.1145/3290605.3300428},
 doi = {10.1145/3290605.3300428},
 acmid = {3300428},
 publisher = {ACM},
 address = {New York, NY, USA},
 keywords = {co-design, internet of things, privacy, smart home},
} 